<?xml version="1.0" encoding="UTF-8"?><record xmlns="http://www.loc.gov/MARC21/slim" xmlns:cinclude="http://apache.org/cocoon/include/1.0" xmlns:zs="http://www.loc.gov/zing/srw/">
  <leader>00429nz  a2200133n  4500</leader>
  <controlfield tag="001">n  89600736 </controlfield>
  <controlfield tag="003">DLC</controlfield>
  <controlfield tag="005">19890106160016.7</controlfield>
  <controlfield tag="008">890106n| acannaab|          |n aad |||  </controlfield>
  <datafield tag="010" ind1=" " ind2=" ">
    <subfield code="a">n  89600736 </subfield>
  </datafield>
  <datafield tag="040" ind1=" " ind2=" ">
    <subfield code="a">DLC</subfield>
    <subfield code="c">DLC</subfield>
  </datafield>
  <datafield tag="100" ind1="1" ind2="0">
    <subfield code="a">Manolescu, N.</subfield>
  </datafield>
  <datafield tag="667" ind1=" " ind2=" ">
    <subfield code="a">Can not be identified with Manolescu, Nicolae.</subfield>
  </datafield>
  <datafield tag="670" ind1=" " ind2=" ">
    <subfield code="a">nuc89-1257: Author's Imagini comparative alb-negru ... 1984</subfield>
    <subfield code="b">(hdg. on NjR rept.: Manolescu, N.; usage: N. Manolescu)</subfield>
  </datafield>
</record>